<?xml version="1.0" encoding="UTF-8"?>
<!DOCTYPE html PUBLIC "-//W3C//DTD XHTML 1.0 Transitional//EN"
    "http://www.w3.org/TR/xhtml1/DTD/xhtml1-transitional.dtd">
<html xmlns="http://www.w3.org/1999/xhtml" xml:lang="en" lang="en">
 <head>
  <title>
</title>
<meta http-equiv="Content-Type" content="text/html;charset=utf-8" />
  <meta name='ocr-system' content='tesseract 3.04.00' />
  <meta name='ocr-capabilities' content='ocr_page ocr_carea ocr_par ocr_line ocrx_word'/>
</head>
<body>
  <div class='ocr_page' id='page_1' title='image "./dissertatiomedi00goog_0036.png"; bbox 0 0 2848 4670; ppageno 0'>
   <div class='ocr_carea' id='block_1_1' title="bbox 350 292 1138 412">
    <p class='ocr_par' dir='ltr' id='par_1_1' title="bbox 350 292 1138 412">
     <span class='ocr_line' id='line_1_1' title="bbox 350 292 1138 412; baseline -0.011 -20"><span class='ocrx_word' id='word_1_1' title='bbox 350 301 418 392; x_wconf 78' lang='lat' dir='ltr'><strong>nn</strong></span> <span class='ocrx_word' id='word_1_2' title='bbox 445 297 647 389; x_wconf 71' lang='lat' dir='ltr'><strong>nucum</strong></span> <span class='ocrx_word' id='word_1_3' title='bbox 671 292 923 385; x_wconf 62' lang='lat' dir='ltr'><strong>mationa.</strong></span> <span class='ocrx_word' id='word_1_4' title='bbox 1074 301 1138 412; x_wconf 60' lang='lat' dir='ltr'><strong>us</strong></span> 
     </span>
    </p>
   </div>
   <div class='ocr_carea' id='block_1_2' title="bbox 179 519 1131 624">
    <p class='ocr_par' dir='ltr' id='par_1_2' title="bbox 179 519 1131 624">
     <span class='ocr_line' id='line_1_2' title="bbox 179 519 1131 624; baseline -0.013 -18"><span class='ocrx_word' id='word_1_5' title='bbox 179 537 279 606; x_wconf 84' lang='lat' dir='ltr'><strong>tdere</strong></span> <span class='ocrx_word' id='word_1_6' title='bbox 295 542 476 624; x_wconf 88' lang='lat' dir='ltr'><strong>putentur,</strong></span> <span class='ocrx_word' id='word_1_7' title='bbox 502 523 596 596; x_wconf 88' lang='lat' dir='ltr'><strong>haud</strong></span> <span class='ocrx_word' id='word_1_8' title='bbox 614 522 652 594; x_wconf 93' lang='lat' dir='ltr'><strong>in</strong></span> <span class='ocrx_word' id='word_1_9' title='bbox 670 545 801 621; x_wconf 87' lang='lat' dir='ltr'><strong>magno</strong></span> <span class='ocrx_word' id='word_1_10' title='bbox 817 519 982 616; x_wconf 88' lang='lat' dir='ltr'>equidem</span> <span class='ocrx_word' id='word_1_11' title='bbox 998 527 1131 616; x_wconf 79' lang='lat' dir='ltr'><strong>ponam</strong></span> 
     </span>
    </p>
   </div>
   <div class='ocr_carea' id='block_1_3' title="bbox 182 685 1135 956">
    <p class='ocr_par' dir='ltr' id='par_1_3' title="bbox 182 685 1135 956">
     <span class='ocr_line' id='line_1_3' title="bbox 183 685 1132 783; baseline -0.013 -17"><span class='ocrx_word' id='word_1_12' title='bbox 183 691 391 766; x_wconf 83' lang='lat' dir='ltr'><strong>discrimine.</strong></span> <span class='ocrx_word' id='word_1_13' title='bbox 442 689 596 763; x_wconf 70' lang='lat' dir='ltr'><strong>Effedius</strong></span> <span class='ocrx_word' id='word_1_14' title='bbox 614 689 785 761; x_wconf 84' lang='lat' dir='ltr'>duntaxat</span> <span class='ocrx_word' id='word_1_15' title='bbox 812 686 915 783; x_wconf 83' lang='lat' dir='ltr'><strong>ipsos,</strong></span> <span class='ocrx_word' id='word_1_16' title='bbox 944 685 1132 759; x_wconf 84' lang='lat' dir='ltr'><strong>ratiocina·</strong></span> 
     </span>
     <span class='ocr_line' id='line_1_4' title="bbox 182 857 1135 956; baseline -0.004 -20"><span class='ocrx_word' id='word_1_17' title='bbox 182 862 278 936; x_wconf 89' lang='lat' dir='ltr'><strong>tione</strong></span> <span class='ocrx_word' id='word_1_18' title='bbox 295 861 477 949; x_wconf 82' lang='lat' dir='ltr'><strong>nimirum,</strong></span> <span class='ocrx_word' id='word_1_19' title='bbox 506 879 544 934; x_wconf 91' lang='lat' dir='ltr'><strong>ut</strong></span> <span class='ocrx_word' id='word_1_20' title='bbox 562 872 714 956; x_wconf 87' lang='lat' dir='ltr'><strong>aequum</strong></span> <span class='ocrx_word' id='word_1_21' title='bbox 738 857 799 950; x_wconf 88' lang='lat' dir='ltr'><strong>est,</strong></span> <span class='ocrx_word' id='word_1_22' title='bbox 828 857 1055 932; x_wconf 77' lang='lat' dir='ltr'><strong>ferocioribus</strong></span> <span class='ocrx_word' id='word_1_23' title='bbox 1078 857 1135 932; x_wconf 61' lang='lat' dir='ltr'><strong>in*¹</strong></span> 
     </span>
    </p>
   </div>
   <div class='ocr_carea' id='block_1_4' title="bbox 182 1026 783 1128">
    <p class='ocr_par' dir='ltr' id='par_1_4' title="bbox 182 1026 783 1128">
     <span class='ocr_line' id='line_1_5' title="bbox 182 1026 783 1128; baseline -0.005 -26"><span class='ocrx_word' id='word_1_24' title='bbox 182 1029 294 1128; x_wconf 80' lang='lat' dir='ltr'><strong>geniis</strong></span> <span class='ocrx_word' id='word_1_25' title='bbox 312 1028 444 1118; x_wconf 74' lang='lat' dir='ltr'><strong>relisia,</strong></span> <span class='ocrx_word' id='word_1_26' title='bbox 462 1051 657 1104; x_wconf 88' lang='lat' dir='ltr'><strong>memorare</strong></span> <span class='ocrx_word' id='word_1_27' title='bbox 674 1026 783 1100; x_wconf 89' lang='lat' dir='ltr'><strong>lubet.</strong></span> 
     </span>
    </p>
   </div>
   <div class='ocr_carea' id='block_1_5' title="bbox 196 1353 1135 1446">
    <p class='ocr_par' dir='ltr' id='par_1_5' title="bbox 196 1353 1135 1446">
     <span class='ocr_line' id='line_1_6' title="bbox 196 1353 1135 1446; baseline -0.001 -18"><span class='ocrx_word' id='word_1_28' title='bbox 196 1433 201 1440; x_wconf 66' lang='grc'><strong>,</strong></span> <span class='ocrx_word' id='word_1_29' title='bbox 231 1355 334 1430; x_wconf 74' lang='lat' dir='ltr'><strong>Prius</strong></span> <span class='ocrx_word' id='word_1_30' title='bbox 351 1375 436 1430; x_wconf 85' lang='lat' dir='ltr'><strong>veru</strong></span> <span class='ocrx_word' id='word_1_31' title='bbox 463 1355 625 1429; x_wconf 81' lang='lat' dir='ltr'><strong>ordinem</strong></span> <span class='ocrx_word' id='word_1_32' title='bbox 652 1353 857 1446; x_wconf 82' lang='lat' dir='ltr'><strong>curationis,</strong></span> <span class='ocrx_word' id='word_1_33' title='bbox 884 1356 971 1430; x_wconf 84' lang='lat' dir='ltr'><strong>oiim</strong></span> <span class='ocrx_word' id='word_1_34' title='bbox 998 1355 1135 1430; x_wconf 67' lang='lat' dir='ltr'><strong>adnibir</strong></span> 
     </span>
    </p>
   </div>
   <div class='ocr_carea' id='block_1_6' title="bbox 183 1522 1135 1624">
    <p class='ocr_par' dir='ltr' id='par_1_6' title="bbox 183 1522 1135 1624">
     <span class='ocr_line' id='line_1_7' title="bbox 183 1522 1135 1624; baseline 0 -24"><span class='ocrx_word' id='word_1_35' title='bbox 183 1544 253 1616; x_wconf 89' lang='lat' dir='ltr'><strong>tae,</strong></span> <span class='ocrx_word' id='word_1_36' title='bbox 283 1525 402 1622; x_wconf 81' lang='lat' dir='ltr'><strong>paucis</strong></span> <span class='ocrx_word' id='word_1_37' title='bbox 429 1522 558 1597; x_wconf 86' lang='lat' dir='ltr'><strong>referre</strong></span> <span class='ocrx_word' id='word_1_38' title='bbox 580 1523 759 1612; x_wconf 87' lang='lat' dir='ltr'><strong>convenit,</strong></span> <span class='ocrx_word' id='word_1_39' title='bbox 789 1549 895 1621; x_wconf 91' lang='lat' dir='ltr'><strong>quam</strong></span> <span class='ocrx_word' id='word_1_40' title='bbox 924 1527 1011 1624; x_wconf 81' lang='lat' dir='ltr'><strong>ejus,</strong></span> <span class='ocrx_word' id='word_1_41' title='bbox 1041 1539 1135 1624; x_wconf 81' lang='lat' dir='ltr'><strong>quae</strong></span> 
     </span>
    </p>
   </div>
   <div class='ocr_carea' id='block_1_7' title="bbox 184 1691 1135 1794">
    <p class='ocr_par' dir='ltr' id='par_1_7' title="bbox 184 1691 1135 1794">
     <span class='ocr_line' id='line_1_8' title="bbox 184 1691 1135 1794; baseline 0 -24"><span class='ocrx_word' id='word_1_42' title='bbox 184 1719 281 1771; x_wconf 87' lang='lat' dir='ltr'><strong>nunc</strong></span> <span class='ocrx_word' id='word_1_43' title='bbox 309 1694 565 1792; x_wconf 83' lang='lat' dir='ltr'><strong>praescribitur,</strong></span> <span class='ocrx_word' id='word_1_44' title='bbox 595 1710 634 1767; x_wconf 91' lang='lat' dir='ltr'><strong>ut</strong></span> <span class='ocrx_word' id='word_1_45' title='bbox 663 1694 711 1768; x_wconf 89' lang='lat' dir='ltr'><strong>ita</strong></span> <span class='ocrx_word' id='word_1_46' title='bbox 738 1691 873 1768; x_wconf 80' lang='lat' dir='ltr'><strong>facilius</strong></span> <span class='ocrx_word' id='word_1_47' title='bbox 892 1721 937 1770; x_wconf 87' lang='lat' dir='ltr'><strong>ex</strong></span> <span class='ocrx_word' id='word_1_48' title='bbox 956 1697 1135 1794; x_wconf 88' lang='lat' dir='ltr'><strong>utriusque</strong></span> 
     </span>
    </p>
   </div>
   <div class='ocr_carea' id='block_1_8' title="bbox 186 1866 1104 1966">
    <p class='ocr_par' dir='ltr' id='par_1_8' title="bbox 186 1866 1104 1966">
     <span class='ocr_line' id='line_1_9' title="bbox 186 1866 1104 1966; baseline -0.003 -22"><span class='ocrx_word' id='word_1_49' title='bbox 186 1867 447 1966; x_wconf 87' lang='lat' dir='ltr'><strong>comparatione</strong></span> <span class='ocrx_word' id='word_1_50' title='bbox 464 1889 587 1939; x_wconf 89' lang='lat' dir='ltr'><strong>verum</strong></span> <span class='ocrx_word' id='word_1_51' title='bbox 602 1866 777 1962; x_wconf 87' lang='lat' dir='ltr'><strong>judicium</strong></span> <span class='ocrx_word' id='word_1_52' title='bbox 794 1867 970 1962; x_wconf 88' lang='lat' dir='ltr'><strong>interponi</strong></span> <span class='ocrx_word' id='word_1_53' title='bbox 988 1883 1104 1964; x_wconf 83' lang='lat' dir='ltr'><strong>queat.</strong></span> 
     </span>
    </p>
   </div>
   <div class='ocr_carea' id='block_1_9' title="bbox 187 2222 1139 2997">
    <p class='ocr_par' dir='ltr' id='par_1_9' title="bbox 187 2222 1139 2997">
     <span class='ocr_line' id='line_1_10' title="bbox 234 2222 1138 2323; baseline 0.001 -23"><span class='ocrx_word' id='word_1_54' title='bbox 234 2229 277 2300; x_wconf 92' lang='lat' dir='ltr'><strong>ln</strong></span> <span class='ocrx_word' id='word_1_55' title='bbox 294 2225 393 2300; x_wconf 88' lang='lat' dir='ltr'><strong>Italia</strong></span> <span class='ocrx_word' id='word_1_56' title='bbox 417 2223 525 2323; x_wconf 88' lang='lat' dir='ltr'><strong>igitur</strong></span> <span class='ocrx_word' id='word_1_57' title='bbox 552 2238 657 2320; x_wconf 89' lang='lat' dir='ltr'><strong>atque</strong></span> <span class='ocrx_word' id='word_1_58' title='bbox 686 2222 867 2322; x_wconf 79' lang='lat' dir='ltr'><strong>Hispania,</strong></span> <span class='ocrx_word' id='word_1_59' title='bbox 897 2225 958 2299; x_wconf 89' lang='lat' dir='ltr'><strong>ubi</strong></span> <span class='ocrx_word' id='word_1_60' title='bbox 988 2228 1138 2302; x_wconf 77' lang='lat' dir='ltr'><strong>morbus</strong></span> 
     </span>
     <span class='ocr_line' id='line_1_11' title="bbox 187 2391 1136 2492; baseline -0.002 -22"><span class='ocrx_word' id='word_1_61' title='bbox 187 2396 301 2484; x_wconf 81' lang='lat' dir='ltr'><strong>hicce,</strong></span> <span class='ocrx_word' id='word_1_62' title='bbox 332 2412 370 2468; x_wconf 85' lang='lat' dir='ltr'><strong>ur</strong></span> <span class='ocrx_word' id='word_1_63' title='bbox 402 2395 502 2490; x_wconf 88' lang='lat' dir='ltr'><strong>supra</strong></span> <span class='ocrx_word' id='word_1_64' title='bbox 531 2393 665 2466; x_wconf 72' lang='lat' dir='ltr'><strong>dicium</strong></span> <span class='ocrx_word' id='word_1_65' title='bbox 682 2391 744 2482; x_wconf 86' lang='lat' dir='ltr'><strong>est,</strong></span> <span class='ocrx_word' id='word_1_66' title='bbox 773 2393 944 2492; x_wconf 88' lang='lat' dir='ltr'><strong>plurimos</strong></span> <span class='ocrx_word' id='word_1_67' title='bbox 960 2395 1136 2492; x_wconf 86' lang='lat' dir='ltr'><strong>oppreffit,</strong></span> 
     </span>
     <span class='ocr_line' id='line_1_12' title="bbox 187 2561 1139 2664; baseline -0.007 -26"><span class='ocrx_word' id='word_1_68' title='bbox 187 2563 329 2654; x_wconf 91' lang='lat' dir='ltr'><strong>medici,</strong></span> <span class='ocrx_word' id='word_1_69' title='bbox 356 2562 515 2660; x_wconf 86' lang='lat' dir='ltr'><strong>protinus</strong></span> <span class='ocrx_word' id='word_1_70' title='bbox 545 2561 636 2635; x_wconf 88' lang='lat' dir='ltr'><strong>inter</strong></span> <span class='ocrx_word' id='word_1_71' title='bbox 664 2561 777 2652; x_wconf 87' lang='lat' dir='ltr'><strong>initia,</strong></span> <span class='ocrx_word' id='word_1_72' title='bbox 804 2562 971 2636; x_wconf 87' lang='lat' dir='ltr'><strong>omnibus</strong></span> <span class='ocrx_word' id='word_1_73' title='bbox 1000 2561 1139 2664; x_wconf 85' lang='lat' dir='ltr'><strong>sangui.</strong></span> 
     </span>
     <span class='ocr_line' id='line_1_13' title="bbox 188 2732 1139 2834; baseline 0 -25"><span class='ocrx_word' id='word_1_74' title='bbox 188 2745 284 2824; x_wconf 77' lang='lat' dir='ltr'><strong>nem,</strong></span> <span class='ocrx_word' id='word_1_75' title='bbox 313 2733 419 2808; x_wconf 87' lang='lat' dir='ltr'><strong>incisa</strong></span> <span class='ocrx_word' id='word_1_76' title='bbox 440 2757 539 2820; x_wconf 84' lang='lat' dir='ltr'><strong>rena,</strong></span> <span class='ocrx_word' id='word_1_77' title='bbox 569 2732 704 2805; x_wconf 85' lang='lat' dir='ltr'><strong>detrahi</strong></span> <span class='ocrx_word' id='word_1_78' title='bbox 731 2749 837 2829; x_wconf 90' lang='lat' dir='ltr'><strong>atque</strong></span> <span class='ocrx_word' id='word_1_79' title='bbox 866 2732 984 2807; x_wconf 87' lang='lat' dir='ltr'><strong>alvum</strong></span> <span class='ocrx_word' id='word_1_80' title='bbox 1010 2757 1139 2834; x_wconf 75' lang='lat' dir='ltr'><strong>purga⁴</strong></span> 
     </span>
     <span class='ocr_line' id='line_1_14' title="bbox 188 2900 1139 2997; baseline 0.004 -21"><span class='ocrx_word' id='word_1_81' title='bbox 188 2902 284 2977; x_wconf 84' lang='lat' dir='ltr'><strong>tione</strong></span> <span class='ocrx_word' id='word_1_82' title='bbox 301 2900 463 2974; x_wconf 88' lang='lat' dir='ltr'><strong>solicitari</strong></span> <span class='ocrx_word' id='word_1_83' title='bbox 476 2901 660 2997; x_wconf 87' lang='lat' dir='ltr'><strong>jubebant.</strong></span> <span class='ocrx_word' id='word_1_84' title='bbox 712 2901 846 2973; x_wconf 87' lang='lat' dir='ltr'><strong>Utrum</strong></span> <span class='ocrx_word' id='word_1_85' title='bbox 874 2902 953 2975; x_wconf 88' lang='lat' dir='ltr'><strong>sane</strong></span> <span class='ocrx_word' id='word_1_86' title='bbox 980 2904 1062 2993; x_wconf 87' lang='lat' dir='ltr'><strong>hoc,</strong></span> <span class='ocrx_word' id='word_1_87' title='bbox 1092 2925 1139 2980; x_wconf 91' lang='lat' dir='ltr'><strong>an</strong></span> 
     </span>
    </p>
   </div>
   <div class='ocr_carea' id='block_1_10' title="bbox 187 3053 1145 3164">
    <p class='ocr_par' dir='ltr' id='par_1_10' title="bbox 187 3053 1145 3164">
     <span class='ocr_line' id='line_1_15' title="bbox 187 3053 1145 3164; baseline 0.004 -21"><span class='ocrx_word' id='word_1_88' title='bbox 187 3053 392 3164; x_wconf 62' lang='lat' dir='ltr'><strong>ilsud&#39;prius</strong></span> <span class='ocrx_word' id='word_1_89' title='bbox 411 3067 486 3139; x_wconf 88' lang='lat' dir='ltr'><strong>sieri</strong></span> <span class='ocrx_word' id='word_1_90' title='bbox 504 3068 644 3155; x_wconf 88' lang='lat' dir='ltr'><strong>debeat,</strong></span> <span class='ocrx_word' id='word_1_91' title='bbox 671 3066 832 3141; x_wconf 83' lang='lat' dir='ltr'><strong>dubitare</strong></span> <span class='ocrx_word' id='word_1_92' title='bbox 862 3069 1053 3164; x_wconf 70' lang='lat' dir='ltr'><strong>videntur,</strong></span> <span class='ocrx_word' id='word_1_93' title='bbox 1080 3073 1145 3147; x_wconf 54' lang='lat' dir='ltr'><strong>sed*</strong></span> 
     </span>
    </p>
   </div>
   <div class='ocr_carea' id='block_1_11' title="bbox 111 3228 1139 3324">
    <p class='ocr_par' dir='ltr' id='par_1_11' title="bbox 111 3228 1139 3324">
     <span class='ocr_line' id='line_1_16' title="bbox 111 3228 1139 3324; baseline 0.005 -19"><span class='ocrx_word' id='word_1_94' title='bbox 111 3287 114 3292; x_wconf 85' lang='lat'>-</span> <span class='ocrx_word' id='word_1_95' title='bbox 189 3233 262 3304; x_wconf 91' lang='lat' dir='ltr'><strong>duo</strong></span> <span class='ocrx_word' id='word_1_96' title='bbox 280 3229 341 3304; x_wconf 87' lang='lat' dir='ltr'><strong>ista</strong></span> <span class='ocrx_word' id='word_1_97' title='bbox 371 3228 534 3324; x_wconf 81' lang='lat' dir='ltr'><strong>deinceps</strong></span> <span class='ocrx_word' id='word_1_98' title='bbox 565 3228 631 3304; x_wconf 85' lang='lat' dir='ltr'><strong>effe</strong></span> <span class='ocrx_word' id='word_1_99' title='bbox 660 3230 807 3305; x_wconf 90' lang='lat' dir='ltr'><strong>omnino</strong></span> <span class='ocrx_word' id='word_1_100' title='bbox 837 3231 1021 3308; x_wconf 80' lang='lat' dir='ltr'><strong>necessaria</strong></span> <span class='ocrx_word' id='word_1_101' title='bbox 1048 3235 1139 3310; x_wconf 88' lang='lat' dir='ltr'><strong>affir-</strong></span> 
     </span>
    </p>
   </div>
   <div class='ocr_carea' id='block_1_12' title="bbox 188 3403 607 3499">
    <p class='ocr_par' dir='ltr' id='par_1_12' title="bbox 188 3403 607 3499">
     <span class='ocr_line' id='line_1_17' title="bbox 188 3403 607 3499; baseline -0.005 -21"><span class='ocrx_word' id='word_1_102' title='bbox 188 3419 287 3478; x_wconf 87' lang='lat' dir='ltr'><strong>mant</strong></span> <span class='ocrx_word' id='word_1_103' title='bbox 306 3403 607 3499; x_wconf 81' lang='lat' dir='ltr'><strong>contenduntque.</strong></span> 
     </span>
    </p>
   </div>
   <div class='ocr_carea' id='block_1_13' title="bbox 190 3740 1223 4011">
    <p class='ocr_par' dir='ltr' id='par_1_13' title="bbox 190 3740 1223 4011">
     <span class='ocr_line' id='line_1_18' title="bbox 237 3740 1139 3849; baseline 0.019 -35"><span class='ocrx_word' id='word_1_104' title='bbox 237 3745 356 3849; x_wconf 78' lang='lat' dir='ltr'><strong>Qum</strong></span> <span class='ocrx_word' id='word_1_105' title='bbox 373 3740 511 3817; x_wconf 87' lang='lat' dir='ltr'><strong>inutilia</strong></span> <span class='ocrx_word' id='word_1_106' title='bbox 527 3759 644 3818; x_wconf 89' lang='lat' dir='ltr'><strong>autem</strong></span> <span class='ocrx_word' id='word_1_107' title='bbox 662 3745 727 3818; x_wconf 78' lang='lat' dir='ltr'><strong>sint</strong></span> <span class='ocrx_word' id='word_1_108' title='bbox 746 3760 908 3843; x_wconf 89' lang='lat' dir='ltr'><strong>utraque,</strong></span> <span class='ocrx_word' id='word_1_109' title='bbox 937 3751 991 3825; x_wconf 88' lang='lat' dir='ltr'><strong>vel</strong></span> <span class='ocrx_word' id='word_1_110' title='bbox 1021 3755 1139 3849; x_wconf 82' lang='lat' dir='ltr'><strong>potius</strong></span> 
     </span>
     <span class='ocr_line' id='line_1_19' title="bbox 190 3912 1223 4011; baseline 0.015 -26"><span class='ocrx_word' id='word_1_111' title='bbox 190 3933 299 4007; x_wconf 89' lang='lat' dir='ltr'><strong>quarn</strong></span> <span class='ocrx_word' id='word_1_112' title='bbox 328 3912 534 4011; x_wconf 88' lang='lat' dir='ltr'><strong>perniciosa,</strong></span> <span class='ocrx_word' id='word_1_113' title='bbox 563 3935 669 3992; x_wconf 82' lang='lat' dir='ltr'><strong>nemo</strong></span> <span class='ocrx_word' id='word_1_114' title='bbox 696 3915 817 4011; x_wconf 88' lang='lat' dir='ltr'><strong>hodie,</strong></span> <span class='ocrx_word' id='word_1_115' title='bbox 846 3917 901 3998; x_wconf 89' lang='lat' dir='ltr'><strong>vel</strong></span> <span class='ocrx_word' id='word_1_116' title='bbox 918 3921 1143 4000; x_wconf 87' lang='lat' dir='ltr'><strong>mediocriter</strong></span> <span class='ocrx_word' id='word_1_117' title='bbox 1221 3952 1223 3956; x_wconf 50' lang='lat'><strong><em>¹</em></strong></span> 
     </span>
    </p>
   </div>
   <div class='ocr_carea' id='block_1_14' title="bbox 998 4091 1143 4189">
    <p class='ocr_par' dir='ltr' id='par_1_14' title="bbox 998 4091 1143 4189">
     <span class='ocr_line' id='line_1_20' title="bbox 998 4091 1143 4189; baseline 0.062 -25"><span class='ocrx_word' id='word_1_118' title='bbox 998 4091 1143 4189; x_wconf 81' lang='lat' dir='ltr'><strong>quidem</strong></span> 
     </span>
    </p>
   </div>
   <div class='ocr_carea' id='block_1_15' title="bbox 0 0 1440 4670">
    <p class='ocr_par' dir='ltr' id='par_1_15' title="bbox 0 0 1440 4670">
     <span class='ocr_line' id='line_1_21' title="bbox 0 0 1440 4670; baseline 0 0"><span class='ocrx_word' id='word_1_119' title='bbox 0 0 1440 4670; x_wconf 95' lang='lat' dir='ltr'><strong> </strong></span> 
     </span>
    </p>
   </div>
  </div>
 </body>
</html>
