2848 4670
286 333 337 400 ιθ
484 305 552 394 DE
578 309 780 394 ANGINA
799 311 1072 398 matta?

337 529 408 604 Sed
424 529 587 606 adhibeat
608 530 721 605 omtio
739 529 901 621 modum,
931 547 965 608 et
989 530 1108 606 redeat
1136 525 1243 618 ittae„

290 697 386 772 unde
400 695 558 774 deflexit.

337 1037 418 1131 Jam
448 1035 603 1134 primum
629 1035 792 1109 omnium
815 1059 860 1118 ex
879 1035 950 1132 ipsa·
966 1034 1239 1121 morbinatura,

291 1200 471 1300 signorum
489 1201 669 1294 qualitate,
689 1225 755 1274 nec
773 1225 847 1274 non
864 1202 961 1298 aegri
977 1218 1088 1280 aetate
1105 1217 1140 1274 et
1156 1223 1236 1272 eor·

291 1392 379 1466 pore
405 1369 623 1468 praesagium
651 1368 809 1464 capiatur
835 1386 985 1465 oportet.
1036 1368 1145 1472 Quod
1163 1365 1240 1462 qui·

291 1531 374 1604 dem
392 1532 487 1605 aliud
504 1532 541 1604 in
559 1531 634 1612 aliis
653 1530 767 1620 maiis,
796 1531 832 1604 id
851 1530 913 1619 est,
944 1530 1056 1628 magis
1083 1529 1241 1602 minusve

291 1701 457 1791 dubium,
482 1701 560 1775 fieri
586 1701 717 1776 neceffe
744 1699 804 1782 esta
856 1703 898 1774 In
914 1701 1014 1776 attilo
1031 1718 1148 1776 autem
1165 1724 1242 1774 ome

292 1870 379 1948 nino
396 1869 563 1943 incertius
580 1869 646 1990 'vel
676 1868 848 1958 fallacius,
881 1892 991 1966 quam
1018 1866 1056 1940 in
1085 1867 1167 1956 hoc,
1197 1867 1243 1938 de

293 2069 366 2140 quo
383 2043 511 2143 agitat.
549 2047 576 2084 ‘⁶
594 2041 706 2134 idque
723 2039 760 2113 in
777 2039 847 2128 his,
866 2063 955 2136 quae
972 2036 1133 2112 salutaria
1149 2037 1243 2126 sunt,

294 2214 393 2305 dico;
413 2211 581 2310 fiquidem
595 2212 700 2292 etiarn
718 2210 790 2307 spes
808 2209 912 2284 nimis
930 2209 1027 2306 saepe
1044 2205 1254 2296 frustratur„

295 2404 330 2460 et
357 2385 507 2460 moritur
523 2383 663 2481 aliquia,
693 2383 737 2456 de
755 2406 826 2482 quo
844 2379 999 2462 medicata
1017 2379 1156 2452 securus
1174 2373 1244 2472 pti·

294 2575 355 2630 mo
371 2553 479 2628 fuit.”
524 2588 527 2600 ·

1143 2767 1146 2776 .
1187 2781 1189 2786 ,
1225 2747 1255 2797 Γι

243 2993 245 2998 ,
344 2897 444 2972 Anni
478 2895 606 2974 deinde
645 2911 797 2991 tempus,
827 2891 1013 2988 morbique
1043 2890 1147 2988 ipfius
1176 2890 1245 2964 fre·

296 3067 474 3167 quentiam
499 3065 729 3142 animadverti
763 3063 971 3154 conveniet3
1004 3061 1133 3164 quippe
1162 3059 1244 3168 quiav

295 3229 426 3319 morbi,
443 3229 487 3300 ad
505 3227 727 3336 putredinem
744 3226 948 3324 speiiantes‚
975 3225 1108 3320 semper
1124 3223 1162 3294 in
1183 3246 1244 3294 au·

293 3403 434 3486 tumno,
447 3417 553 3494 quam
569 3419 663 3485 vere,
676 3396 937 3492 perniciofiores
955 3397 1057 3486 sunt;
1086 3412 1191 3494 atque
1208 3418 1243 3466 e·

295 3569 380 3642 tiam
397 3567 606 3664 quicunque
615 3569 776 3667 contagia
793 3586 888 3667 agat,
918 3569 960 3642 ia
976 3569 1133 3665 primum
1156 3565 1245 3640 scili·

294 3754 350 3842 eet
384 3751 496 3825 ortus,
529 3736 636 3838 longe
668 3739 841 3830 acerbius,
876 3761 992 3833 neque
1026 3736 1144 3826 aetati,
1178 3757 1247 3810 nec

294 3911 390 3996 sexui
407 3936 566 4012 parcens,
584 3935 691 4008 quam
709 3912 887 4013 deinceps,
903 3913 1032 3990 saevite
1048 3911 1146 3989 solet.

1131 4081 1244 4161 Potae
