2848 4670
302 300 344 348 η
497 279 565 350 DE
591 279 793 352 ANGINA
817 281 1069 360 MALIGNAt

353 485 467 560 Decet
494 489 641 562 omnino
665 509 798 564 tentare
824 491 933 580 viam,
963 517 1034 590 qua
1060 519 1157 571 error
1188 496 1260 570 iste

306 651 409 724 vitari
434 653 559 748 poffit3
587 656 716 752 quippe
746 658 829 754 quia
858 659 896 730 in
925 659 994 734 hoc
1023 665 1112 737 otdo
1143 663 1258 737 felicis

307 819 497 894 curationis
515 841 609 897 totus
636 826 794 900 vertitur.
846 829 955 930 Qiod
985 827 1009 925 fi.
1041 829 1129 900 ausis
1160 826 1258 900 exci-

308 989 404 1078 dam,
428 989 569 1066 voluiffe
587 1009 703 1068 tamen
721 1019 786 1090 pro
807 994 894 1068 virili
911 1016 1008 1092 parte
1024 996 1118 1068 haud
1136 995 1268 1092 poeni--

309 1158 408 1232 tebit.

359 1498 550 1597 Cynan'che
564 1500 723 1600 Maiigna
748 1525 828 1577 vere
845 1519 879 1577 et
895 1488 1037 1592 hieme3
1065 1483 1258 1574 Scarlitina

308 1668 491 1766 Anginoia
507 1669 632 1746 aestate
648 1687 753 1767 atque
778 1689 950 1745 autumno
976 1669 1183 1766 pierumque
1201 1645 1261 1740 ad‘·

307 1831 416 1904 venit.

357 2174 511 2264 Deinde,
539 2175 635 2272 prior
665 2186 813 2274 corpora
839 2175 951 2274 magis
982 2172 1176 2258 irritabilia,
1206 2171 1268 2243 in:

308 2348 421 2424 fantes
451 2351 582 2448 itaque,
613 2343 846 2426 adolescentes
871 2370 904 2422 et
922 2347 1120 2436 foeminas3
1147 2343 1260 2441 poste·-

309 2515 382 2588 rior
399 2516 497 2588 annis
516 2514 693 2603 robustos,
725 2534 869 2610 tamque
886 2514 993 2604 viros,
1012 2535 1119 2604 quam
1136 2494 1263 2582 foemi-

310 2705 372 2754 nas
392 2682 589 2770 validiores,
609 2685 739 2779 saepius
758 2701 919 2779 occupat.

358 3015 469 3093 Porro
507 3035 639 3111 autem,
671 3020 709 3093 in
737 3019 802 3092 liae
832 3020 921 3092 cutis
952 3017 1022 3114 ipsa
1052 3017 1099 3092 est
1130 3018 1258 3090 coloris

309 3189 478 3275 coccinei,
496 3189 616 3278 laevis,
633 3190 702 3285 (sm
721 3189 862 3278 minus„
873 3188 1030 3284 pustulae
1047 3207 1164 3262 tamen
1181 3188 1260 3260 sunt

307 3351 406 3448 apice
433 3350 548 3440 albo,)
577 3373 642 3423 nec
660 3373 733 3423 non
751 3349 883 3448 semper
901 3351 1013 3425 calida
1030 3350 1065 3424 et
1082 3351 1192 3442 ficca;
1221 3353 1259 3424 in

308 3517 367 3597 ilia
385 3523 473 3596 cutis
491 3523 670 3613 subrubet,
686 3547 789 3596 mane
805 3548 918 3620 parvo·
934 3524 1060 3598 sudore
1079 3523 1258 3613 madescit,

301 3719 347 3773 ac
364 3693 520 3794 pustulae
537 3691 663 3795 magis,
690 3721 796 3792 quam
814 3686 1008 3789 interstitia,
1026 3699 1166 3772 rubent.

1040 4123 1044 4132 Ι
1075 4031 1255 4128 Denique,
