2848 4670
304 332 371 408 nn
397 331 599 406 nnuma
624 331 877 405 ammaum
1040 355 1063 425 9

116 541 177 616 nia
194 527 316 616 eorum
334 561 415 616 ortu
431 541 597 617 'levarim
650 542 744 614 Hinc
772 541 872 626 illud,
906 533 1071 613 medium

84 715 88 721 ’
116 714 245 788 scilicet
262 713 353 786 inter
371 715 517 788 diversas
535 715 734 804 sententias,
759 712 963 810 proximum
981 737 1065 785 vero

118 882 231 956 m'deri
257 882 378 981 potest,
399 885 505 978 quod
535 881 620 956 alias
645 883 693 956 ita
721 883 758 955 in
776 881 900 956 melius
919 879 1067 954 mutatio

121 1048 175 1138 fit,
193 1046 275 1122 alias
294 1071 367 1122 non
384 1047 482 1121 item.
565 1094 569 1102 ·

173 1395 361 1485 Caeterum
384 1397 436 1494 gD.
467 1399 639 1496 Huxham
667 1399 789 1472 austor
814 1398 876 1490 est,
906 1399 1073 1475 exanthe-

124 1583 231 1653 mata,
249 1563 350 1638 citius
370 1589 496 1663 nempe
513 1585 603 1654 orta,
630 1567 751 1660 utique
769 1567 792 1639 fi
810 1568 1010 1666 squamulae
1027 1595 1074 1642 ex

125 1737 260 1809 summa
278 1753 358 1810 cute
376 1738 546 1834 plunimae
564 1739 738 1827 recidunt,
767 1741 859 1836 spem
877 1765 985 1836 prope
1003 1763 1077 1813 cer-

127 1898 356 1993 tamn‘acere3
385 1907 507 1978 eadem
525 1931 621 1996 veru,
644 1908 750 1980 livida
764 1910 851 2005 jam,
878 1909 934 1983 vel
952 1909 1077 1984 imma·

126 2091 204 2146 ture
222 2074 332 2164 finita,
350 2075 399 2148 nil
418 2077 479 2150 nifi
499 2098 631 2152 metum
650 2105 857 2177 proponere.

173 2427 428 2524 ffiymphaticae
461 2429 649 2528 glandulae
683 2429 775 2504 circa
808 2432 948 2505 'collum
991 2435 1080 2507 adeo

129 2617 387 2692 nonnunquam
405 2615 555 2684 tument,
588 2617 626 2669 ut
645 2597 824 2670 suffocatio
838 2599 969 2671 instare
987 2600 1082 2672 vide-

134 2787 235 2858 atur;
267 2771 362 2862 quod
382 2769 523 2864 quidem
543 2771 580 2841 fit
600 2795 645 2843 ex
664 2769 733 2843 acri
752 2770 897 2846 materia
910 2771 1083 2866 abforpta,

134 2959 223 3032 quae
253 2936 290 3007 in
317 2932 435 3006 fauces
468 2932 672 3006 effunditur.
705 2935 854 3005 *Morbo
886 2951 1003 3006 autem
1030 2934 1085 3006 in·
1121 2967 1125 2973 ·

130 3111 317 3197 crescente,
348 3109 478 3181 collum
499 3130 531 3182 et
554 3127 676 3208 guttur
696 3133 825 3206 magno
844 3127 996 3197 tumore,
1026 3135 1085 3180 oe·

134 3275 328 3347 dematosus
360 3274 421 3365 qui
453 3273 561 3357 audit,
596 3272 822 3374 ciacumcirca
858 3263 1084 3365 afficiuntur}
1192 3325 1193 3328 =

135 3447 243 3534 unde,
273 3443 433 3518 faucibus
462 3444 630 3517 nim-irum
658 3446 854 3534 contemtu,
888 3447 1085 3543 periculum

205 3625 229 3710 ψ
581 3614 612 3684 Β
933 3616 1087 3690 maxime

172 3965 192 3998 “
214 3963 262 4024 Dr
286 3965 402 4036 euuen,
427 3964 501 4026 First
524 3964 623 4044 Lines,
645 3987 677 4043 p.
696 3987 764 4046 314.
808 3967 887 4030 Russ.
901 3969 997 4057 Anim
1013 3970 1090 4030 Eco.

130 4137 212 4180 uum.
226 4139 257 4198 p.
275 4137 342 4201 109.
386 4117 541 4202 Huxham,
557 4141 587 4201 p.
606 4138 672 4200 232.
