2848 4670
260 271 264 282 ’
329 289 397 378 nn
423 291 625 374 annum
649 290 900 370 narrent.
1055 306 1106 389 nr
1151 393 1152 401 Ν

635 435 640 484 r

202 503 299 593 iiiuc
317 514 462 612 quidem
479 509 556 584 satis
575 507 720 596 constat,
738 522 817 605 tyro
835 503 956 600 urique
974 501 1011 576 in
1029 525 1101 574 me-

152 691 268 766 dicina
285 703 404 761 caveat
429 682 612 780 opiniones
636 676 897 754 commenticias
926 691 1103 774 oportere,

153 852 283 948 quippe
326 873 416 946 qpae
453 847 544 920 iuter
578 844 685 918 casus·
705 842 869 938 deinceps
901 839 1101 913 offerendos

152 1018 383 1093 transvorsum
402 1019 544 1092 trudere
560 1015 699 1090 valeant
716 1039 736 1086 a
754 1013 846 1088 reste
863 1012 1092 1087 consulendo.

204 1365 392 1438 Caeterum
422 1362 467 1440 de
498 1363 620 1451 modo,
652 1386 725 1459 quo
748 1359 937 1438 Proximae
955 1357 1106 1434 Morbo·

154 1539 236 1596 'rum
266 1523 400 1598 Causae
427 1526 530 1620 plane
547 1525 691 1598 demum
709 1522 955 1620 expediantur,
985 1523 1105 1598 nullut

155 1680 305 1756 dixerim
322 1711 334 1772 3
363 1701 456 1756 certe
472 1700 590 1756 autem
608 1682 652 1755 ad
671 1705 746 1754 rem
764 1681 926 1754 nonnihil
943 1682 1110 1778 pertinet,

155 1852 289 1942 omnia,
307 1877 509 1950 quanquam
528 1850 651 1928 nostris
673 1851 850 1927 sententiis
869 1849 1108 1942 abhorrentia,

156 2043 246 2118 quae
264 2043 283 2091 a
300 2015 528 2092 seracioribus
547 1987 698 2118 ingeniis
716 2037 972 2116 proponantur,
993 2044 1108 2117 aequo

156 2183 276 2256 animo
311 2183 502 2281 perlegere.
557 2183 734 2259 ‘Plinius
768 2187 823 2260 M.
858 2185 964 2260 etiam
992 2187 1110 2264 dicere

158 2348 352 2438 ‘solebat3
380 2349 530 2437 Nuiium
548 2348 613 2424 effe
640 2351 771 2426 librum
788 2372 861 2425 tam
891 2352 1040 2440 malum,
1069 2367 1110 2422 ut

159 2527 271 2595 ‘non
298 2521 415 2619 aliqua
441 2539 539 2618 parte
568 2521 737 2620 prodesset
749 2524 797 2597 *.’
859 2525 980 2620 Itaque
1009 2545 1110 2622 ergo,

160 2695 174 2730 ‘
198 2691 294 2794 Apes
312 2687 576 2786 quodammodo
595 2689 764 2762 debemus
782 2686 925 2777 imitari,
943 2711 1034 2784 quae
1052 2711 1112 2760 va·

67 2922 70 2932 .
160 2865 173 2903 ‘
198 2879 326 2957 gantur
345 2876 379 2933 et
396 2857 499 2932 flores
517 2877 693 2956 carpunt3
720 2857 861 2949 deinde,
879 2857 1048 2956 quicquid
1061 2875 1111 2931 at-

133 3039 173 3130 ἤ
200 3033 325 3123 tulere,
352 3032 540 3131 disponunt
570 3057 610 3106 ac
640 3056 703 3130 per
732 3033 830 3107 favos
861 3032 1051 3125 dividunt3
1077 3048 1114 3106 et

161 3201 344 3278 ‘succum
376 3199 513 3276 varium
547 3198 585 3273 in
619 3223 733 3274 uuum
765 3199 922 3298 saporem
956 3198 1113 3303 mixtura

161 3381 175 3417 ‘
202 3373 355 3469 quadam
371 3387 405 3446 et
421 3368 634 3470 proprietate
648 3321 785 3468 spiritus
802 3367 854 3442 sui
871 3383 1008 3442 mutant
1018 3367 1066 3464 †’.

287 3731 310 3818 ,ι
605 3716 639 3792 c
813 3713 1113 3796 nnoouosrn

219 3929 241 3968 ⁴
260 3929 298 3992 C.
313 3925 390 3990 etta.
405 3925 499 4006 Epist.
514 3938 543 4006 3.
559 3943 589 4006 5.
607 3943 653 3986 ιο.

223 4086 246 4164 t
265 4083 403 4150 Maerob.
418 4081 541 4146 Saturn-
555 4100 591 4146 ex
605 4082 708 4146 Senee.
721 4078 809 4164 tpist.
825 4082 876 4161 84.
