<?xml version="1.0" encoding="UTF-8"?>
<!DOCTYPE html PUBLIC "-//W3C//DTD XHTML 1.0 Transitional//EN"
    "http://www.w3.org/TR/xhtml1/DTD/xhtml1-transitional.dtd">
<html xmlns="http://www.w3.org/1999/xhtml" xml:lang="en" lang="en">
 <head>
  <title>
</title>
<meta http-equiv="Content-Type" content="text/html;charset=utf-8" />
  <meta name='ocr-system' content='tesseract 3.04.00' />
  <meta name='ocr-capabilities' content='ocr_page ocr_carea ocr_par ocr_line ocrx_word'/>
</head>
<body>
  <div class='ocr_page' id='page_1' title='image "./dissertatiomedi00goog_0031.png"; bbox 0 0 2848 4670; ppageno 0'>
   <div class='ocr_carea' id='block_1_1' title="bbox 308 297 1084 396">
    <p class='ocr_par' dir='ltr' id='par_1_1' title="bbox 308 297 1084 396">
     <span class='ocr_line' id='line_1_1' title="bbox 308 297 1084 396; baseline 0.01 -8"><span class='ocrx_word' id='word_1_1' title='bbox 308 317 353 389; x_wconf 83' lang='lat'>18</span> <span class='ocrx_word' id='word_1_2' title='bbox 503 314 574 393; x_wconf 81' lang='lat' dir='ltr'>nr:</span> <span class='ocrx_word' id='word_1_3' title='bbox 598 297 801 393; x_wconf 71' lang='lat' dir='ltr'>tuorna</span> <span class='ocrx_word' id='word_1_4' title='bbox 825 303 1084 396; x_wconf 48' lang='lat' dir='ltr'>unrrou&#39;nr&#39;</span> 
     </span>
    </p>
   </div>
   <div class='ocr_carea' id='block_1_2' title="bbox 503 860 1073 954">
    <p class='ocr_par' dir='ltr' id='par_1_2' title="bbox 503 860 1073 954">
     <span class='ocr_line' id='line_1_2' title="bbox 503 860 1073 954; baseline -0.004 -9"><span class='ocrx_word' id='word_1_5' title='bbox 503 860 1073 954; x_wconf 59' lang='lat' dir='ltr'>Pron-Nosrs:</span> 
     </span>
    </p>
   </div>
   <div class='ocr_carea' id='block_1_3' title="bbox 359 1193 1256 1312">
    <p class='ocr_par' dir='ltr' id='par_1_3' title="bbox 359 1193 1256 1312">
     <span class='ocr_line' id='line_1_3' title="bbox 359 1193 1256 1312; baseline -0.013 -20"><span class='ocrx_word' id='word_1_6' title='bbox 359 1215 497 1292; x_wconf 84' lang='lat' dir='ltr'>Natura</span> <span class='ocrx_word' id='word_1_7' title='bbox 513 1215 699 1290; x_wconf 87' lang='lat' dir='ltr'>hominurn</span> <span class='ocrx_word' id='word_1_8' title='bbox 717 1215 764 1290; x_wconf 90' lang='lat' dir='ltr'>ita</span> <span class='ocrx_word' id='word_1_9' title='bbox 782 1232 982 1312; x_wconf 86' lang='lat' dir='ltr'>comparata</span> <span class='ocrx_word' id='word_1_10' title='bbox 1005 1211 1067 1301; x_wconf 86' lang='lat' dir='ltr'>est,</span> <span class='ocrx_word' id='word_1_11' title='bbox 1096 1226 1136 1284; x_wconf 91' lang='lat' dir='ltr'>ut</span> <span class='ocrx_word' id='word_1_12' title='bbox 1165 1193 1256 1284; x_wconf 77' lang='lat' dir='ltr'>cario</span> 
     </span>
    </p>
   </div>
   <div class='ocr_carea' id='block_1_4' title="bbox 310 1369 1260 1644">
    <p class='ocr_par' dir='ltr' id='par_1_4' title="bbox 310 1369 1260 1644">
     <span class='ocr_line' id='line_1_4' title="bbox 310 1369 1257 1469; baseline -0.012 -17"><span class='ocrx_word' id='word_1_13' title='bbox 310 1379 476 1453; x_wconf 79' lang='lat' dir='ltr'>omnibus</span> <span class='ocrx_word' id='word_1_14' title='bbox 494 1377 641 1452; x_wconf 89' lang='lat' dir='ltr'>omnino</span> <span class='ocrx_word' id='word_1_15' title='bbox 658 1371 882 1465; x_wconf 77' lang='lat' dir='ltr'>consolatur3</span> <span class='ocrx_word' id='word_1_16' title='bbox 909 1375 1005 1462; x_wconf 79' lang='lat' dir='ltr'>hino,</span> <span class='ocrx_word' id='word_1_17' title='bbox 1033 1371 1193 1469; x_wconf 80' lang='lat' dir='ltr'>perieulo&#39;</span> <span class='ocrx_word' id='word_1_18' title='bbox 1205 1369 1257 1442; x_wconf 91' lang='lat' dir='ltr'>in-</span> 
     </span>
     <span class='ocr_line' id='line_1_5' title="bbox 311 1539 1260 1644; baseline -0.012 -24"><span class='ocrx_word' id='word_1_19' title='bbox 311 1547 434 1638; x_wconf 89' lang='lat' dir='ltr'>stante,</span> <span class='ocrx_word' id='word_1_20' title='bbox 466 1568 594 1634; x_wconf 84' lang='lat' dir='ltr'>merua,</span> <span class='ocrx_word' id='word_1_21' title='bbox 621 1546 785 1642; x_wconf 80' lang='lat' dir='ltr'>maioque</span> <span class='ocrx_word' id='word_1_22' title='bbox 811 1547 885 1644; x_wconf 79' lang='lat' dir='ltr'>jann</span> <span class='ocrx_word' id='word_1_23' title='bbox 903 1560 1064 1641; x_wconf 82' lang='lat' dir='ltr'>urgente,</span> <span class='ocrx_word' id='word_1_24' title='bbox 1095 1539 1260 1636; x_wconf 52' lang='lat' dir='ltr'>experta*</span> 
     </span>
    </p>
   </div>
   <div class='ocr_carea' id='block_1_5' title="bbox 310 1709 1256 1814">
    <p class='ocr_par' dir='ltr' id='par_1_5' title="bbox 310 1709 1256 1814">
     <span class='ocr_line' id='line_1_6' title="bbox 310 1709 1256 1814; baseline -0.014 -26"><span class='ocrx_word' id='word_1_25' title='bbox 310 1718 360 1788; x_wconf 90' lang='lat' dir='ltr'>tio</span> <span class='ocrx_word' id='word_1_26' title='bbox 379 1716 492 1789; x_wconf 86' lang='lat' dir='ltr'>eventi</span> <span class='ocrx_word' id='word_1_27' title='bbox 511 1714 642 1788; x_wconf 84' lang='lat' dir='ltr'>solicita</span> <span class='ocrx_word' id='word_1_28' title='bbox 659 1725 764 1809; x_wconf 86' lang='lat' dir='ltr'>atque</span> <span class='ocrx_word' id='word_1_29' title='bbox 781 1709 900 1784; x_wconf 86' lang='lat' dir='ltr'>anxia.</span> <span class='ocrx_word' id='word_1_30' title='bbox 940 1711 1164 1814; x_wconf 80' lang='lat' dir='ltr'>Qrapropter</span> <span class='ocrx_word' id='word_1_31' title='bbox 1182 1729 1256 1777; x_wconf 84' lang='lat' dir='ltr'>rne-</span> 
     </span>
    </p>
   </div>
   <div class='ocr_carea' id='block_1_6' title="bbox 311 1865 1256 1964">
    <p class='ocr_par' dir='ltr' id='par_1_6' title="bbox 311 1865 1256 1964">
     <span class='ocr_line' id='line_1_7' title="bbox 311 1865 1256 1964; baseline -0.01 -18"><span class='ocrx_word' id='word_1_32' title='bbox 311 1875 431 1947; x_wconf 89' lang='lat' dir='ltr'>dicum</span> <span class='ocrx_word' id='word_1_33' title='bbox 449 1877 562 1962; x_wconf 88' lang='lat' dir='ltr'>decet,</span> <span class='ocrx_word' id='word_1_34' title='bbox 591 1896 624 1948; x_wconf 87' lang='lat' dir='ltr'>er</span> <span class='ocrx_word' id='word_1_35' title='bbox 642 1873 751 1957; x_wconf 89' lang='lat' dir='ltr'>animi</span> <span class='ocrx_word' id='word_1_36' title='bbox 769 1872 820 1946; x_wconf 86' lang='lat' dir='ltr'>sui</span> <span class='ocrx_word' id='word_1_37' title='bbox 837 1869 952 1961; x_wconf 83' lang='lat' dir='ltr'>causa,</span> <span class='ocrx_word' id='word_1_38' title='bbox 982 1887 1015 1943; x_wconf 89' lang='lat' dir='ltr'>et</span> <span class='ocrx_word' id='word_1_39' title='bbox 1033 1868 1144 1964; x_wconf 90' lang='lat' dir='ltr'>gratia</span> <span class='ocrx_word' id='word_1_40' title='bbox 1171 1865 1256 1939; x_wconf 86' lang='lat' dir='ltr'>alio·-</span> 
     </span>
    </p>
   </div>
   <div class='ocr_carea' id='block_1_7' title="bbox 310 2043 1261 2146">
    <p class='ocr_par' dir='ltr' id='par_1_7' title="bbox 310 2043 1261 2146">
     <span class='ocr_line' id='line_1_8' title="bbox 310 2043 1261 2146; baseline 0.001 -28"><span class='ocrx_word' id='word_1_41' title='bbox 310 2069 404 2135; x_wconf 89' lang='lat' dir='ltr'>rum,</span> <span class='ocrx_word' id='word_1_42' title='bbox 435 2045 497 2143; x_wconf 92' lang='lat' dir='ltr'>qui</span> <span class='ocrx_word' id='word_1_43' title='bbox 524 2048 719 2146; x_wconf 82' lang='lat' dir='ltr'>aegrotanti</span> <span class='ocrx_word' id='word_1_44' title='bbox 736 2047 902 2146; x_wconf 86' lang='lat' dir='ltr'>palleant,</span> <span class='ocrx_word' id='word_1_45' title='bbox 930 2045 1022 2145; x_wconf 87' lang='lat' dir='ltr'>poffe</span> <span class='ocrx_word' id='word_1_46' title='bbox 1041 2043 1261 2143; x_wconf 65' lang='lat' dir='ltr'>cogitatione</span> 
     </span>
    </p>
   </div>
   <div class='ocr_carea' id='block_1_8' title="bbox 306 2211 815 2314">
    <p class='ocr_par' dir='ltr' id='par_1_8' title="bbox 306 2211 815 2314">
     <span class='ocr_line' id='line_1_9' title="bbox 306 2211 815 2314; baseline 0.01 -28"><span class='ocrx_word' id='word_1_47' title='bbox 306 2211 469 2288; x_wconf 81' lang='lat' dir='ltr'>futurum</span> <span class='ocrx_word' id='word_1_48' title='bbox 486 2215 698 2314; x_wconf 80' lang='lat' dir='ltr'>praecipere.</span> <span class='ocrx_word' id='word_1_49' title='bbox 811 2243 815 2250; x_wconf 64' lang='grc'><em>’</em></span> 
     </span>
    </p>
   </div>
   <div class='ocr_carea' id='block_1_9' title="bbox 359 2549 1257 2651">
    <p class='ocr_par' dir='ltr' id='par_1_9' title="bbox 359 2549 1257 2651">
     <span class='ocr_line' id='line_1_10' title="bbox 359 2549 1257 2651; baseline -0.001 -24"><span class='ocrx_word' id='word_1_50' title='bbox 359 2561 480 2646; x_wconf 86' lang='lat' dir='ltr'>Atque</span> <span class='ocrx_word' id='word_1_51' title='bbox 513 2553 617 2628; x_wconf 87' lang='lat' dir='ltr'>etiam</span> <span class='ocrx_word' id='word_1_52' title='bbox 647 2551 855 2651; x_wconf 85' lang='lat' dir='ltr'>sperandum</span> <span class='ocrx_word' id='word_1_53' title='bbox 886 2549 934 2628; x_wconf 79' lang='lat' dir='ltr'>est</span> <span class='ocrx_word' id='word_1_54' title='bbox 963 2549 1072 2626; x_wconf 84' lang='lat' dir='ltr'>affore</span> <span class='ocrx_word' id='word_1_55' title='bbox 1105 2561 1257 2648; x_wconf 75' lang='lat' dir='ltr'>tempor,</span> 
     </span>
    </p>
   </div>
   <div class='ocr_carea' id='block_1_10' title="bbox 309 2715 1258 2815">
    <p class='ocr_par' dir='ltr' id='par_1_10' title="bbox 309 2715 1258 2815">
     <span class='ocr_line' id='line_1_11' title="bbox 309 2715 1258 2815; baseline 0 -27"><span class='ocrx_word' id='word_1_56' title='bbox 309 2715 372 2788; x_wconf 85' lang='lat' dir='ltr'>usu</span> <span class='ocrx_word' id='word_1_57' title='bbox 389 2716 516 2790; x_wconf 80' lang='lat' dir='ltr'>scilicet</span> <span class='ocrx_word' id='word_1_58' title='bbox 533 2717 792 2815; x_wconf 83' lang='lat' dir='ltr'>progrediente,</span> <span class='ocrx_word' id='word_1_59' title='bbox 820 2741 891 2813; x_wconf 92' lang='lat' dir='ltr'>quo</span> <span class='ocrx_word' id='word_1_60' title='bbox 909 2715 1125 2813; x_wconf 86' lang='lat' dir='ltr'>probabilius</span> <span class='ocrx_word' id='word_1_61' title='bbox 1144 2715 1258 2789; x_wconf 89' lang='lat' dir='ltr'>multo</span> 
     </span>
    </p>
   </div>
   <div class='ocr_carea' id='block_1_11' title="bbox 307 2886 624 2986">
    <p class='ocr_par' dir='ltr' id='par_1_11' title="bbox 307 2886 624 2986">
     <span class='ocr_line' id='line_1_12' title="bbox 307 2886 624 2986; baseline 0.006 -27"><span class='ocrx_word' id='word_1_62' title='bbox 307 2886 492 2986; x_wconf 79' lang='lat' dir='ltr'>praesagiri</span> <span class='ocrx_word' id='word_1_63' title='bbox 509 2905 624 2984; x_wconf 86' lang='lat' dir='ltr'>queat.</span> 
     </span>
    </p>
   </div>
   <div class='ocr_carea' id='block_1_12' title="bbox 356 3229 1255 3330">
    <p class='ocr_par' dir='ltr' id='par_1_12' title="bbox 356 3229 1255 3330">
     <span class='ocr_line' id='line_1_13' title="bbox 356 3229 1255 3330; baseline 0.006 -26"><span class='ocrx_word' id='word_1_64' title='bbox 356 3229 492 3306; x_wconf 89' lang='lat' dir='ltr'>Putarit</span> <span class='ocrx_word' id='word_1_65' title='bbox 510 3231 654 3329; x_wconf 87' lang='lat' dir='ltr'>quidem</span> <span class='ocrx_word' id='word_1_66' title='bbox 671 3231 796 3330; x_wconf 85' lang='lat' dir='ltr'>aliquis</span> <span class='ocrx_word' id='word_1_67' title='bbox 814 3233 901 3307; x_wconf 87' lang='lat' dir='ltr'>nihil</span> <span class='ocrx_word' id='word_1_68' title='bbox 920 3249 980 3308; x_wconf 86' lang='lat' dir='ltr'>aut</span> <span class='ocrx_word' id='word_1_69' title='bbox 1001 3251 1075 3308; x_wconf 91' lang='lat' dir='ltr'>non</span> <span class='ocrx_word' id='word_1_70' title='bbox 1103 3233 1255 3310; x_wconf 83' lang='lat' dir='ltr'>muitum</span> 
     </span>
    </p>
   </div>
   <div class='ocr_carea' id='block_1_13' title="bbox 304 3397 1256 3832">
    <p class='ocr_par' dir='ltr' id='par_1_13' title="bbox 304 3397 1256 3832">
     <span class='ocr_line' id='line_1_14' title="bbox 305 3397 1256 3506; baseline 0.008 -27"><span class='ocrx_word' id='word_1_71' title='bbox 305 3397 392 3479; x_wconf 90' lang='lat' dir='ltr'>boni</span> <span class='ocrx_word' id='word_1_72' title='bbox 408 3403 490 3477; x_wconf 86' lang='lat' dir='ltr'>inde</span> <span class='ocrx_word' id='word_1_73' title='bbox 507 3402 682 3477; x_wconf 87' lang='lat' dir='ltr'>oriturum</span> <span class='ocrx_word' id='word_1_74' title='bbox 712 3405 776 3480; x_wconf 83' lang='lat' dir='ltr'>effe</span> <span class='ocrx_word' id='word_1_75' title='bbox 790 3435 801 3497; x_wconf 87' lang='lat'>;</span> <span class='ocrx_word' id='word_1_76' title='bbox 817 3408 958 3505; x_wconf 75' lang='lat' dir='ltr'>&#39;quippe</span> <span class='ocrx_word' id='word_1_77' title='bbox 986 3409 1070 3506; x_wconf 90' lang='lat' dir='ltr'>quia</span> <span class='ocrx_word' id='word_1_78' title='bbox 1099 3411 1256 3489; x_wconf 74' lang='lat' dir='ltr'>medicus</span> 
     </span>
     <span class='ocr_line' id='line_1_15' title="bbox 306 3561 1254 3666; baseline 0.008 -30"><span class='ocrx_word' id='word_1_79' title='bbox 306 3562 355 3636; x_wconf 86' lang='lat' dir='ltr'>ita</span> <span class='ocrx_word' id='word_1_80' title='bbox 372 3561 538 3636; x_wconf 83' lang='lat' dir='ltr'>remiffior</span> <span class='ocrx_word' id='word_1_81' title='bbox 556 3562 659 3654; x_wconf 86' lang='lat' dir='ltr'>foret,</span> <span class='ocrx_word' id='word_1_82' title='bbox 675 3583 780 3662; x_wconf 87' lang='lat' dir='ltr'>atque</span> <span class='ocrx_word' id='word_1_83' title='bbox 798 3591 901 3666; x_wconf 89' lang='lat' dir='ltr'>aeger</span> <span class='ocrx_word' id='word_1_84' title='bbox 914 3567 1158 3660; x_wconf 86' lang='lat' dir='ltr'>calamitosror,</span> <span class='ocrx_word' id='word_1_85' title='bbox 1172 3589 1254 3646; x_wconf 85' lang='lat' dir='ltr'>ante</span> 
     </span>
     <span class='ocr_line' id='line_1_16' title="bbox 304 3709 1254 3832; baseline 0.006 -29"><span class='ocrx_word' id='word_1_86' title='bbox 304 3709 456 3803; x_wconf 81' lang='lat' dir='ltr'>miserias</span> <span class='ocrx_word' id='word_1_87' title='bbox 474 3728 586 3803; x_wconf 80' lang='lat' dir='ltr'>miset.</span> <span class='ocrx_word' id='word_1_88' title='bbox 638 3733 688 3803; x_wconf 91' lang='lat' dir='ltr'>At</span> <span class='ocrx_word' id='word_1_89' title='bbox 705 3755 790 3804; x_wconf 91' lang='lat' dir='ltr'>vero</span> <span class='ocrx_word' id='word_1_90' title='bbox 812 3756 884 3830; x_wconf 92' lang='lat' dir='ltr'>quo</span> <span class='ocrx_word' id='word_1_91' title='bbox 915 3733 1066 3828; x_wconf 77' lang='lat' dir='ltr'>apertius</span> <span class='ocrx_word' id='word_1_92' title='bbox 1094 3735 1134 3808; x_wconf 88' lang='lat' dir='ltr'>fit</span> <span class='ocrx_word' id='word_1_93' title='bbox 1163 3735 1254 3832; x_wconf 84' lang='lat' dir='ltr'>peri·</span> 
     </span>
    </p>
   </div>
   <div class='ocr_carea' id='block_1_14' title="bbox 304 3900 1254 4001">
    <p class='ocr_par' dir='ltr' id='par_1_14' title="bbox 304 3900 1254 4001">
     <span class='ocr_line' id='line_1_17' title="bbox 304 3900 1254 4001; baseline -0.003 -20"><span class='ocrx_word' id='word_1_94' title='bbox 304 3901 440 3994; x_wconf 80' lang='lat' dir='ltr'>cuum,</span> <span class='ocrx_word' id='word_1_95' title='bbox 470 3926 527 3994; x_wconf 85' lang='lat' dir='ltr'>eo,</span> <span class='ocrx_word' id='word_1_96' title='bbox 554 3917 593 3975; x_wconf 91' lang='lat' dir='ltr'>ut</span> <span class='ocrx_word' id='word_1_97' title='bbox 610 3900 761 3992; x_wconf 88' lang='lat' dir='ltr'>viderur,</span> <span class='ocrx_word' id='word_1_98' title='bbox 792 3905 904 4001; x_wconf 86' lang='lat' dir='ltr'>major</span> <span class='ocrx_word' id='word_1_99' title='bbox 927 3903 1081 3982; x_wconf 83' lang='lat' dir='ltr'>curantis</span> <span class='ocrx_word' id='word_1_100' title='bbox 1098 3905 1254 3981; x_wconf 49' lang='lat' dir='ltr'>animadn</span> 
     </span>
    </p>
   </div>
   <div class='ocr_carea' id='block_1_15' title="bbox 1145 4074 1256 4151">
    <p class='ocr_par' dir='ltr' id='par_1_15' title="bbox 1145 4074 1256 4151">
     <span class='ocr_line' id='line_1_18' title="bbox 1145 4074 1256 4151; baseline -0.027 -1"><span class='ocrx_word' id='word_1_101' title='bbox 1145 4074 1256 4151; x_wconf 82' lang='lat' dir='ltr'>veriio</span> 
     </span>
    </p>
   </div>
   <div class='ocr_carea' id='block_1_16' title="bbox 1271 2945 1273 2948">
    <p class='ocr_par' dir='ltr' id='par_1_16' title="bbox 1271 2295 1418 3034">
     <span class='ocr_line' id='line_1_19' title="bbox 1271 2945 1273 2948; baseline 0 86"><span class='ocrx_word' id='word_1_102' title='bbox 1271 2945 1273 2948; x_wconf 0' lang='lat' dir='ltr'> </span> 
     </span>
    </p>
   </div>
   <div class='ocr_carea' id='block_1_17' title="bbox 0 0 1431 4670">
    <p class='ocr_par' dir='ltr' id='par_1_17' title="bbox 0 0 1431 4670">
     <span class='ocr_line' id='line_1_20' title="bbox 0 0 1431 4670; baseline 0 0"><span class='ocrx_word' id='word_1_103' title='bbox 0 0 1431 4670; x_wconf 95' lang='lat' dir='ltr'> </span> 
     </span>
    </p>
   </div>
  </div>
 </body>
</html>
