2848 4670
317 311 346 382 4
505 285 575 382 pn
599 287 804 364 monn
827 287 1084 382 renuens,

300 497 482 578 'medicos
498 499 639 598 prorsus
665 497 811 599 fugerit,
839 499 904 576 nifi
932 500 1148 602 splendidam
1162 505 1283 604 perso·

325 699 410 770 nam
423 671 623 775 juguloffet.

374 1009 502 1085 Paucis
518 1033 604 1084 vero
621 1010 744 1086 itidem
773 1010 908 1101 occifis,
937 1033 1012 1084 non
1032 1009 1184 1086 multum
1204 1008 1284 1088 anis

326 1178 576 1256 madverfionis
606 1177 803 1252 etiamnum
832 1176 1010 1267 excitavit,
1039 1176 1285 1276 nequeenim

325 1373 409 1430 ante
425 1375 560 1428 annum
581 1353 690 1450 1746,
708 1373 781 1446 quo
799 1351 942 1449 quidem
959 1350 1103 1449 plurimi
1118 1351 1283 1430 homines

327 1511 523 1614 perierunt,
551 1531 657 1601 corae
687 1507 725 1580 id
751 1505 1023 1594 reformidinis,
1054 1507 1151 1606 quod
1167 1529 1229 1604 par
1245 1530 1284 1586 e·.

323 1695 395 1775 par,
424 1673 555 1776 injecit.
605 1675 692 1761 Non
709 1669 835 1748 urbem
852 1675 1114 1764 tantummodo,
1143 1675 1200 1749 sed
1216 1697 1282 1772 op·

324 1848 411 1948 pido
426 1845 533 1920 etiam
550 1844 715 1943 vicosque
746 1844 931 1942 proximos
955 1842 1149 1932 infestabat.
1202 1843 1282 1918 Ali·

329 2015 473 2114 quando
491 2014 633 2104 tandem
651 2013 703 2089 vis
722 2015 796 2112 ejus
814 2012 983 2110 paulatim
1001 2014 1115 2088 minui
1139 2013 1279 2096 videba-¹

327 2187 400 2260 tur,
415 2189 521 2268 atque
534 2171 622 2244 adeo
636 2189 797 2268 parentes
808 2170 876 2244 suis
893 2169 1025 2259 liberis,
1039 2170 1101 2264 qni
1118 2172 1283 2260 omnium
1399 2269 1400 2278 ἵ

326 2335 483 2428 maxime
499 2333 801 2432 periclitabantur,
818 2333 936 2416 minus
954 2336 1169 2408 metuebant.
1288 2344 1295 2368 ·'

23 2607 320 2740 (iudom
375 2659 418 2731 ln
436 2659 570 2759 Aegiis
587 2658 753 2758 denique,
783 2659 846 2734 sub
877 2659 972 2734 idem
998 2678 1151 2759 tempus,
1180 2660 1284 2760 saepe

326 2825 419 2920 inter
434 2827 531 2902 vicos
550 2827 642 2902 circa
660 2831 801 2920 urbem,
832 2831 965 2930 saepius
983 2850 1102 2904 tamen
1124 2832 1162 2904 in
1191 2831 1284 2914 locis

326 3020 437 3112 prope
465 2997 599 3074 flumen
627 3002 805 3076 Tamesim
834 3001 1061 3094 versabatur3
1098 3019 1281 3090 caeterum

326 3135 388 3242 vix
418 3169 524 3259 ullos,
553 3170 617 3244 nisr
646 3187 748 3246 antea
765 3197 811 3246 ex
831 3171 1010 3246 debilitate
1035 3172 1278 3270 procliviores,

327 3343 388 3418 aut
417 3329 577 3424 protinus
605 3355 625 3407 a
651 3330 831 3448 principiis
856 3360 982 3432 parum
1005 3339 1096 3410 bene
1125 3353 1279 3430 curatos,

325 3492 514 3590 interemit.

1009 3857 1275 3956 ommno
