2848 4670
254 256 308 338 '16
455 249 524 326 DE
549 251 753 326 ANGiNA
775 243 1034 332 MAUGNAJ

310 460 526 573 Qricuuque
542 487 620 537 eam
642 460 839 536 medicinae
868 482 1018 560 partem,
1048 462 1221 558 pathoio'ge

258 633 321 734 gia
352 655 442 726 quae
472 650 631 721 vocatur,
656 631 825 706 curiofius
855 633 1152 720 animadverterit,
1176 633 1209 710 is

261 798 422 898 profudio
439 800 554 890 sentit,
565 835 568 842 ·
581 823 688 894 quam
702 799 789 872 nihil
811 817 871 876 aut
889 802 1074 896 parvulum
1091 803 1209 882 adhue

264 969 450 1043 definitum
467 968 520 1055 fit,
532 983 593 1040 aut
610 982 759 1056 certum,
776 982 930 1064 votoque
947 965 1093 1064 expetit,
1110 967 1210 1041 mise·¹

265 1131 417 1206 ricordia
426 1155 553 1226 nempe
566 1151 599 1204 et
617 1129 834 1204 humanitate
846 1150 1059 1222 commotus,
1076 1150 1115 1206 ut
1128 1157 1213 1228 pau-

264 1303 386 1380 tulum*
407 1305 576 1401 quiddam
603 1304 801 1400 hujusmodi
829 1306 978 1399 amplius
997 1305 1052 1377 vel
1071 1304 1133 1378 fibi
1148 1305 1212 1379 uel

265 1467 462 1570 ¹studiorum
479 1467 579 1548 suciis
596 1468 786 1564 atiquarrdo
800 1470 946 1552 taudem
966 1468 1162 1568 contingat.
1202 1493 1210 1530 ι

317 1767 525 1870 hDoitrinam
536 1794 620 1842 vero
630 1770 877 1866 Proximarum
892 1769 1087 1874 Causarum
1098 1770 1216 1868 occui-

268 1955 341 2013 tam
360 1941 466 2037 usque
484 1957 518 2014 et
535 1921 730 2016 involutam
747 1942 812 2016 effe
829 1943 916 2015 nihii
934 1942 1047 2040 magia
1061 1933 1215 2046 testatur,

268 2138 375 2210 quam
394 2114 480 2186 illud
498 2113 623 2211 ipsum,
643 2115 925 2212 quodProfeffor
940 2122 975 2205 *,
992 2113 1100 2188 nostri
1113 2113 1216 2188 seculi

272 2288 392 2395 decus?
423 2288 484 2384 qui
507 2287 675 2370 industria
692 2305 797 2390 atque
814 2287 976 2362 acumine
993 2303 1098 2388 atque
1115 2311 1220 2392 eape-

271 2455 409 2544 mentia,
439 2455 559 2551 srquis
589 2480 745 2552 unquam
776 2455 877 2542 alius,
908 2455 1077 2552 pollebat,
1108 2454 1219 2526 hucce

272 2623 342 2695 ioci
369 2623 605 2697 illustrationis
635 2648 759 2719 parum
790 2641 823 2697 et
852 2621 1046 2724 evidentiae
1075 2619 1220 2695 attulisse

270 2797 442 2902 uideatur.
494 2855 500 2862 .

323 3085 400 3156 Nec
419 3107 517 3156 meus
535 3082 593 3154 hic
610 3083 721 3178 sermo
740 3077 802 3168 est,
831 3079 1057 3176 nequeenim
1076 3079 1105 3153 is
1133 3079 1223 3183 sum,

273 3251 334 3349 qui
352 3211 588 3346 disputationi,
605 3249 660 3322 vei
678 3205 875 3320 audieritati
893 3250 1094 3346 cujusquam
1113 3201 1219 3354 fidem

274 3439 408 3493 temere
441 3419 603 3517 derogari
641 3418 759 3505 velim,
794 3421 852 3492 sed
888 3420 1002 3492 sensus
1037 3419 1226 3522 hominum

278 3591 477 3667 eommunis
512 3590 664 3664 rationes
699 3616 822 3664 omnes
857 3592 1023 3690 ungulas,
1058 3590 1120 3663 nin
1163 3591 1226 3662 usu

276 3743 542 3864 comprobatas,¹
547 3767 627 3864 jure
644 3766 705 3840 suo
723 3765 945 3864 reprehendit
963 3765 1163 3862 culpatque.

1133 3931 1230 4009 Hinc

336 4037 356 4120 ζ’
378 4035 419 4112 D.
442 4033 557 4131 ςυίἰειι.
